[
  {
    "__type__": "cc.Prefab",
    "_name": "",
    "_objFlags": 0,
    "_rawFiles": null,
    "data": {
      "__id__": 1
    }
  },
  {
    "__type__": "cc.Node",
    "_name": "Enemy",
    "_objFlags": 0,
    "_parent": null,
    "_children": [],
    "_tag": -1,
    "_active": true,
    "_components": [
      {
        "__id__": 2
      },
      {
        "__id__": 3
      },
      {
        "__id__": 4
      },
      {
        "__id__": 5
      }
    ],
    "_prefab": {
      "__id__": 6
    },
    "_id": "",
    "_opacity": 255,
    "_color": {
      "__type__": "cc.Color",
      "r": 255,
      "g": 255,
      "b": 255,
      "a": 255
    },
    "_cascadeOpacityEnabled": true,
    "_anchorPoint": {
      "__type__": "cc.Vec2",
      "x": 0.5,
      "y": 0.5
    },
    "_contentSize": {
      "__type__": "cc.Size",
      "width": 175,
      "height": 133
    },
    "_rotationX": 0,
    "_rotationY": 0,
    "_scaleX": 1,
    "_scaleY": 1,
    "_position": {
      "__type__": "cc.Vec2",
      "x": 0,
      "y": 0
    },
    "_skewX": 0,
    "_skewY": 0,
    "_localZOrder": 0,
    "_globalZOrder": 0,
    "_opacityModifyRGB": false,
    "groupIndex": 1
  },
  {
    "__type__": "cc.Sprite",
    "_name": "",
    "_objFlags": 0,
    "node": {
      "__id__": 1
    },
    "_enabled": true,
    "_spriteFrame": {
      "__uuid__": "e3fc06fc-2399-4f32-b081-0c8067a7e303"
    },
    "_type": 0,
    "_sizeMode": 1,
    "_fillType": 0,
    "_fillCenter": {
      "__type__": "cc.Vec2",
      "x": 0,
      "y": 0
    },
    "_fillStart": 0,
    "_fillRange": 0,
    "_isTrimmedMode": true,
    "_srcBlendFactor": 770,
    "_dstBlendFactor": 771,
    "_atlas": null
  },
  {
    "__type__": "f6e85y6npZAMKpgGuNFCvHr",
    "_name": "",
    "_objFlags": 0,
    "node": {
      "__id__": 1
    },
    "_enabled": true,
    "timer": 0,
    "aliveMaxTime": 4,
    "speed": 500,
    "hp": 5
  },
  {
    "__type__": "cc.PolygonCollider",
    "_name": "",
    "_objFlags": 0,
    "node": {
      "__id__": 1
    },
    "_enabled": true,
    "tag": 0,
    "_offset": {
      "__type__": "cc.Vec2",
      "x": 0,
      "y": 0
    },
    "points": [
      {
        "__type__": "cc.Vec2",
        "x": -14.5,
        "y": 66.5
      },
      {
        "__type__": "cc.Vec2",
        "x": -37.5,
        "y": 61.5
      },
      {
        "__type__": "cc.Vec2",
        "x": -37.5,
        "y": 41.5
      },
      {
        "__type__": "cc.Vec2",
        "x": -21.5,
        "y": 36.5
      },
      {
        "__type__": "cc.Vec2",
        "x": -26.5,
        "y": 7.5
      },
      {
        "__type__": "cc.Vec2",
        "x": -49.5,
        "y": 19.5
      },
      {
        "__type__": "cc.Vec2",
        "x": -87.5,
        "y": 7.5
      },
      {
        "__type__": "cc.Vec2",
        "x": -86.5,
        "y": -24.5
      },
      {
        "__type__": "cc.Vec2",
        "x": -55.5,
        "y": -43.5
      },
      {
        "__type__": "cc.Vec2",
        "x": -29.5,
        "y": -32.5
      },
      {
        "__type__": "cc.Vec2",
        "x": -23.5,
        "y": -66.5
      },
      {
        "__type__": "cc.Vec2",
        "x": -10.5,
        "y": -55.5
      },
      {
        "__type__": "cc.Vec2",
        "x": 22.5,
        "y": -66.5
      },
      {
        "__type__": "cc.Vec2",
        "x": 29.5,
        "y": -32.5
      },
      {
        "__type__": "cc.Vec2",
        "x": 55.5,
        "y": -43.5
      },
      {
        "__type__": "cc.Vec2",
        "x": 87.5,
        "y": -23.5
      },
      {
        "__type__": "cc.Vec2",
        "x": 87.5,
        "y": 7.5
      },
      {
        "__type__": "cc.Vec2",
        "x": 52.5,
        "y": 19.5
      },
      {
        "__type__": "cc.Vec2",
        "x": 25.5,
        "y": 8.5
      },
      {
        "__type__": "cc.Vec2",
        "x": 21.5,
        "y": 36.5
      },
      {
        "__type__": "cc.Vec2",
        "x": 37.5,
        "y": 41.5
      },
      {
        "__type__": "cc.Vec2",
        "x": 37.5,
        "y": 61.5
      }
    ]
  },
  {
    "__type__": "f6e85y6npZAMKpgGuNFCvHr",
    "_name": "",
    "_objFlags": 0,
    "node": {
      "__id__": 1
    },
    "_enabled": true,
    "timer": 0,
    "aliveMaxTime": 4,
    "speed": 500,
    "hp": 5
  },
  {
    "__type__": "cc.PrefabInfo",
    "root": {
      "__id__": 1
    },
    "asset": {
      "__id__": 0
    },
    "fileId": "66A0Dd991DY5vtvbu/De8h",
    "sync": false
  }
]